<record><leader>00000cas a2200000 i 4500</leader><controlfield tag="001">828426467</controlfield><controlfield tag="006">m     o  d        </controlfield><controlfield tag="007">cr |||||||||||</controlfield><controlfield tag="008">130225d19141918mouwr ne      0   a0eng  </controlfield><datafield ind1=" " ind2=" " tag="010"><subfield code="a">  2013218582</subfield></datafield><datafield ind1=" " ind2=" " tag="040"><subfield code="a">DLC</subfield><subfield code="b">eng</subfield><subfield code="e">rda</subfield><subfield code="c">DLC</subfield><subfield code="d">DLC</subfield><subfield code="d">OCLCQ</subfield><subfield code="d">DLC</subfield><subfield code="d">OCLCQ</subfield><subfield code="d">OCLCF</subfield></datafield><datafield ind1="0" ind2=" " tag="022"><subfield code="a">2326-8956</subfield><subfield code="2">1</subfield></datafield><datafield ind1=" " ind2=" " tag="042"><subfield code="a">pcc</subfield><subfield code="a">nsdp</subfield></datafield><datafield ind1=" " ind2=" " tag="043"><subfield code="a">n-us-mo</subfield></datafield><datafield ind1="1" ind2="0" tag="050"><subfield code="a">ISSN RECORD</subfield></datafield><datafield ind1="0" ind2=" " tag="130"><subfield code="a">Weekly tribune and the Cape County herald (Online)</subfield></datafield><datafield ind1=" " ind2="4" tag="222"><subfield code="a">The weekly tribune and the Cape County herald</subfield><subfield code="b">(Online)</subfield></datafield><datafield ind1="1" ind2="4" tag="245"><subfield code="a">The weekly tribune and the Cape County herald.</subfield></datafield><datafield ind1="1" ind2=" " tag="246"><subfield code="i">Issue for Nov. 6, 1914 has title:</subfield><subfield code="a">Weekly tribune and Cape County hearld</subfield></datafield><datafield ind1="1" ind2="3" tag="246"><subfield code="a">Cape weekly tribune and the Cape County herald</subfield></datafield><datafield ind1="3" ind2="0" tag="246"><subfield code="a">Weekly tribune the Cape County herald</subfield></datafield><datafield ind1=" " ind2="1" tag="264"><subfield code="a">Cape Girardeau, Missouri :</subfield><subfield code="b">Cape Girardeau Publishing Company,</subfield><subfield code="c">1914-1918.</subfield></datafield><datafield ind1=" " ind2=" " tag="310"><subfield code="a">Weekly</subfield></datafield><datafield ind1=" " ind2=" " tag="336"><subfield code="a">text</subfield><subfield code="b">txt</subfield><subfield code="2">rdacontent</subfield></datafield><datafield ind1=" " ind2=" " tag="337"><subfield code="a">computer</subfield><subfield code="b">c</subfield><subfield code="2">rdamedia</subfield></datafield><datafield ind1=" " ind2=" " tag="338"><subfield code="a">online resource</subfield><subfield code="b">cr</subfield><subfield code="2">rdacarrier</subfield></datafield><datafield ind1="1" ind2=" " tag="362"><subfield code="a">Began with vol. 19 [i.e. 18], no. 45 (Nov. 6, 1914); ceased with vol. 17, no. 36 (Oct. 17, 1918).</subfield></datafield><datafield ind1=" " ind2=" " tag="515"><subfield code="a">Numbering is irregular.</subfield></datafield><datafield ind1=" " ind2=" " tag="530"><subfield code="a">Also issued in print.</subfield></datafield><datafield ind1=" " ind2=" " tag="588"><subfield code="a">Description based on print version record.</subfield></datafield><datafield ind1=" " ind2=" " tag="588"><subfield code="a">Latest issue consulted: Vol. XVII, no. 36 (October 17, 1918) (Chroniclingamerica.loc.gov, viewed Feb. 25, 2013).</subfield></datafield><datafield ind1=" " ind2="0" tag="651"><subfield code="a">Cape Girardeau County (Mo.)</subfield><subfield code="v">Newspapers.</subfield></datafield><datafield ind1=" " ind2="0" tag="651"><subfield code="a">Cape Girardeau (Mo.)</subfield><subfield code="v">Newspapers.</subfield></datafield><datafield ind1=" " ind2="7" tag="655"><subfield code="a">Newspapers.</subfield><subfield code="2">fast</subfield><subfield code="0">(OCoLC)fst01423814</subfield></datafield><datafield ind1=" " ind2="7" tag="651"><subfield code="a">Missouri</subfield><subfield code="z">Cape Girardeau.</subfield><subfield code="2">fast</subfield><subfield code="0">(OCoLC)fst01228061</subfield></datafield><datafield ind1=" " ind2="7" tag="651"><subfield code="a">Missouri</subfield><subfield code="z">Cape Girardeau County.</subfield><subfield code="2">fast</subfield><subfield code="0">(OCoLC)fst01217421</subfield></datafield><datafield ind1=" " ind2=" " tag="752"><subfield code="a">United States</subfield><subfield code="b">Missouri</subfield><subfield code="c">Cape Girardeau</subfield><subfield code="d">Cape Girardeau.</subfield></datafield><datafield ind1="0" ind2=" " tag="775"><subfield code="t">Daily tribune (Cape Girardeau, Mo. : Online)</subfield></datafield><datafield ind1="1" ind2=" " tag="776"><subfield code="t">Weekly tribune and the Cape County herald</subfield><subfield code="x">2326-8948</subfield><subfield code="w">(DLC)sn 89066617</subfield><subfield code="w">(OCoLC)19956248</subfield></datafield><datafield ind1="0" ind2="0" tag="780"><subfield code="t">Cape weekly tribune (Online)</subfield><subfield code="x">2326-8883</subfield><subfield code="w">(DLC)  2013218581</subfield><subfield code="w">(OCoLC)828424383</subfield></datafield><datafield ind1="0" ind2="0" tag="785"><subfield code="t">Weekly tribune (Cape Girardeau, Mo. : Online)</subfield><subfield code="x">2326-8980</subfield><subfield code="w">(DLC)  2013218583</subfield><subfield code="w">(OCoLC)828426625</subfield></datafield><datafield ind1="4" ind2="1" tag="856"><subfield code="u">http://www.loc.gov/chroniclingamerica/lccn/sn89066617</subfield></datafield></record>